%YAML 1.1
%TAG !u! tag:unity3d.com,2011:
--- !u!1 &7054255092468519318
GameObject:
  m_ObjectHideFlags: 0
  m_CorrespondingSourceObject: {fileID: 0}
  m_PrefabInstance: {fileID: 0}
  m_PrefabAsset: {fileID: 0}
  serializedVersion: 6
  m_Component:
  - component: {fileID: 7054255092468519319}
  m_Layer: 0
  m_Name: Apple Layout 01
  m_TagString: Untagged
  m_Icon: {fileID: 0}
  m_NavMeshLayer: 0
  m_StaticEditorFlags: 0
  m_IsActive: 1
--- !u!4 &7054255092468519319
Transform:
  m_ObjectHideFlags: 0
  m_CorrespondingSourceObject: {fileID: 0}
  m_PrefabInstance: {fileID: 0}
  m_PrefabAsset: {fileID: 0}
  m_GameObject: {fileID: 7054255092468519318}
  m_LocalRotation: {x: 0, y: 0, z: 0, w: 1}
  m_LocalPosition: {x: 11.790075, y: -1.2853668, z: 7.08256}
  m_LocalScale: {x: 1, y: 1, z: 1}
  m_Children:
  - {fileID: 6294496866081514515}
  - {fileID: 6294496865691437718}
  - {fileID: 6294496866160905265}
  - {fileID: 6294496864952066960}
  - {fileID: 6294496864978741210}
  - {fileID: 6294496865798470383}
  - {fileID: 6294496865921221522}
  - {fileID: 6294496866846120564}
  - {fileID: 6294496866587806779}
  - {fileID: 6294496866900540240}
  m_Father: {fileID: 0}
  m_RootOrder: 0
  m_LocalEulerAnglesHint: {x: 0, y: 0, z: 0}
--- !u!1001 &7054255091745738691
PrefabInstance:
  m_ObjectHideFlags: 0
  serializedVersion: 2
  m_Modification:
    m_TransformParent: {fileID: 7054255092468519319}
    m_Modifications:
    - target: {fileID: 3944929167369815381, guid: c447755767599c84da59958712f47e60, type: 3}
      propertyPath: m_RootOrder
      value: 1
      objectReference: {fileID: 0}
    - target: {fileID: 3944929167369815381, guid: c447755767599c84da59958712f47e60, type: 3}
      propertyPath: m_LocalPosition.x
      value: -4.54
      objectReference: {fileID: 0}
    - target: {fileID: 3944929167369815381, guid: c447755767599c84da59958712f47e60, type: 3}
      propertyPath: m_LocalPosition.y
      value: -2.7
      objectReference: {fileID: 0}
    - target: {fileID: 3944929167369815381, guid: c447755767599c84da59958712f47e60, type: 3}
      propertyPath: m_LocalPosition.z
      value: -7.08256
      objectReference: {fileID: 0}
    - target: {fileID: 3944929167369815381, guid: c447755767599c84da59958712f47e60, type: 3}
      propertyPath: m_LocalRotation.w
      value: 1
      objectReference: {fileID: 0}
    - target: {fileID: 3944929167369815381, guid: c447755767599c84da59958712f47e60, type: 3}
      propertyPath: m_LocalRotation.x
      value: -0
      objectReference: {fileID: 0}
    - target: {fileID: 3944929167369815381, guid: c447755767599c84da59958712f47e60, type: 3}
      propertyPath: m_LocalRotation.y
      value: -0
      objectReference: {fileID: 0}
    - target: {fileID: 3944929167369815381, guid: c447755767599c84da59958712f47e60, type: 3}
      propertyPath: m_LocalRotation.z
      value: -0
      objectReference: {fileID: 0}
    - target: {fileID: 3944929167369815381, guid: c447755767599c84da59958712f47e60, type: 3}
      propertyPath: m_LocalEulerAnglesHint.x
      value: 0
      objectReference: {fileID: 0}
    - target: {fileID: 3944929167369815381, guid: c447755767599c84da59958712f47e60, type: 3}
      propertyPath: m_LocalEulerAnglesHint.y
      value: 0
      objectReference: {fileID: 0}
    - target: {fileID: 3944929167369815381, guid: c447755767599c84da59958712f47e60, type: 3}
      propertyPath: m_LocalEulerAnglesHint.z
      value: 0
      objectReference: {fileID: 0}
    - target: {fileID: 3944929167369815383, guid: c447755767599c84da59958712f47e60, type: 3}
      propertyPath: m_Name
      value: Apple (3)
      objectReference: {fileID: 0}
    m_RemovedComponents: []
  m_SourcePrefab: {fileID: 100100000, guid: c447755767599c84da59958712f47e60, type: 3}
--- !u!4 &6294496865691437718 stripped
Transform:
  m_CorrespondingSourceObject: {fileID: 3944929167369815381, guid: c447755767599c84da59958712f47e60, type: 3}
  m_PrefabInstance: {fileID: 7054255091745738691}
  m_PrefabAsset: {fileID: 0}
--- !u!1001 &7054255091848445882
PrefabInstance:
  m_ObjectHideFlags: 0
  serializedVersion: 2
  m_Modification:
    m_TransformParent: {fileID: 7054255092468519319}
    m_Modifications:
    - target: {fileID: 3944929167369815381, guid: c447755767599c84da59958712f47e60, type: 3}
      propertyPath: m_RootOrder
      value: 5
      objectReference: {fileID: 0}
    - target: {fileID: 3944929167369815381, guid: c447755767599c84da59958712f47e60, type: 3}
      propertyPath: m_LocalPosition.x
      value: 5
      objectReference: {fileID: 0}
    - target: {fileID: 3944929167369815381, guid: c447755767599c84da59958712f47e60, type: 3}
      propertyPath: m_LocalPosition.y
      value: -2.29
      objectReference: {fileID: 0}
    - target: {fileID: 3944929167369815381, guid: c447755767599c84da59958712f47e60, type: 3}
      propertyPath: m_LocalPosition.z
      value: -7.08256
      objectReference: {fileID: 0}
    - target: {fileID: 3944929167369815381, guid: c447755767599c84da59958712f47e60, type: 3}
      propertyPath: m_LocalRotation.w
      value: 1
      objectReference: {fileID: 0}
    - target: {fileID: 3944929167369815381, guid: c447755767599c84da59958712f47e60, type: 3}
      propertyPath: m_LocalRotation.x
      value: -0
      objectReference: {fileID: 0}
    - target: {fileID: 3944929167369815381, guid: c447755767599c84da59958712f47e60, type: 3}
      propertyPath: m_LocalRotation.y
      value: -0
      objectReference: {fileID: 0}
    - target: {fileID: 3944929167369815381, guid: c447755767599c84da59958712f47e60, type: 3}
      propertyPath: m_LocalRotation.z
      value: -0
      objectReference: {fileID: 0}
    - target: {fileID: 3944929167369815381, guid: c447755767599c84da59958712f47e60, type: 3}
      propertyPath: m_LocalEulerAnglesHint.x
      value: 0
      objectReference: {fileID: 0}
    - target: {fileID: 3944929167369815381, guid: c447755767599c84da59958712f47e60, type: 3}
      propertyPath: m_LocalEulerAnglesHint.y
      value: 0
      objectReference: {fileID: 0}
    - target: {fileID: 3944929167369815381, guid: c447755767599c84da59958712f47e60, type: 3}
      propertyPath: m_LocalEulerAnglesHint.z
      value: 0
      objectReference: {fileID: 0}
    - target: {fileID: 3944929167369815383, guid: c447755767599c84da59958712f47e60, type: 3}
      propertyPath: m_Name
      value: Apple (7)
      objectReference: {fileID: 0}
    m_RemovedComponents: []
  m_SourcePrefab: {fileID: 100100000, guid: c447755767599c84da59958712f47e60, type: 3}
--- !u!4 &6294496865798470383 stripped
Transform:
  m_CorrespondingSourceObject: {fileID: 3944929167369815381, guid: c447755767599c84da59958712f47e60, type: 3}
  m_PrefabInstance: {fileID: 7054255091848445882}
  m_PrefabAsset: {fileID: 0}
--- !u!1001 &7054255092676551311
PrefabInstance:
  m_ObjectHideFlags: 0
  serializedVersion: 2
  m_Modification:
    m_TransformParent: {fileID: 7054255092468519319}
    m_Modifications:
    - target: {fileID: 3944929167369815381, guid: c447755767599c84da59958712f47e60, type: 3}
      propertyPath: m_RootOrder
      value: 4
      objectReference: {fileID: 0}
    - target: {fileID: 3944929167369815381, guid: c447755767599c84da59958712f47e60, type: 3}
      propertyPath: m_LocalPosition.x
      value: -6.96
      objectReference: {fileID: 0}
    - target: {fileID: 3944929167369815381, guid: c447755767599c84da59958712f47e60, type: 3}
      propertyPath: m_LocalPosition.y
      value: 2.18
      objectReference: {fileID: 0}
    - target: {fileID: 3944929167369815381, guid: c447755767599c84da59958712f47e60, type: 3}
      propertyPath: m_LocalPosition.z
      value: -7.08256
      objectReference: {fileID: 0}
    - target: {fileID: 3944929167369815381, guid: c447755767599c84da59958712f47e60, type: 3}
      propertyPath: m_LocalRotation.w
      value: 1
      objectReference: {fileID: 0}
    - target: {fileID: 3944929167369815381, guid: c447755767599c84da59958712f47e60, type: 3}
      propertyPath: m_LocalRotation.x
      value: -0
      objectReference: {fileID: 0}
    - target: {fileID: 3944929167369815381, guid: c447755767599c84da59958712f47e60, type: 3}
      propertyPath: m_LocalRotation.y
      value: -0
      objectReference: {fileID: 0}
    - target: {fileID: 3944929167369815381, guid: c447755767599c84da59958712f47e60, type: 3}
      propertyPath: m_LocalRotation.z
      value: -0
      objectReference: {fileID: 0}
    - target: {fileID: 3944929167369815381, guid: c447755767599c84da59958712f47e60, type: 3}
      propertyPath: m_LocalEulerAnglesHint.x
      value: 0
      objectReference: {fileID: 0}
    - target: {fileID: 3944929167369815381, guid: c447755767599c84da59958712f47e60, type: 3}
      propertyPath: m_LocalEulerAnglesHint.y
      value: 0
      objectReference: {fileID: 0}
    - target: {fileID: 3944929167369815381, guid: c447755767599c84da59958712f47e60, type: 3}
      propertyPath: m_LocalEulerAnglesHint.z
      value: 0
      objectReference: {fileID: 0}
    - target: {fileID: 3944929167369815383, guid: c447755767599c84da59958712f47e60, type: 3}
      propertyPath: m_Name
      value: Apple (6)
      objectReference: {fileID: 0}
    m_RemovedComponents: []
  m_SourcePrefab: {fileID: 100100000, guid: c447755767599c84da59958712f47e60, type: 3}
--- !u!4 &6294496864978741210 stripped
Transform:
  m_CorrespondingSourceObject: {fileID: 3944929167369815381, guid: c447755767599c84da59958712f47e60, type: 3}
  m_PrefabInstance: {fileID: 7054255092676551311}
  m_PrefabAsset: {fileID: 0}
--- !u!1001 &7054255092750411461
PrefabInstance:
  m_ObjectHideFlags: 0
  serializedVersion: 2
  m_Modification:
    m_TransformParent: {fileID: 7054255092468519319}
    m_Modifications:
    - target: {fileID: 3944929167369815381, guid: c447755767599c84da59958712f47e60, type: 3}
      propertyPath: m_RootOrder
      value: 3
      objectReference: {fileID: 0}
    - target: {fileID: 3944929167369815381, guid: c447755767599c84da59958712f47e60, type: 3}
      propertyPath: m_LocalPosition.x
      value: 5
      objectReference: {fileID: 0}
    - target: {fileID: 3944929167369815381, guid: c447755767599c84da59958712f47e60, type: 3}
      propertyPath: m_LocalPosition.y
      value: 2.91
      objectReference: {fileID: 0}
    - target: {fileID: 3944929167369815381, guid: c447755767599c84da59958712f47e60, type: 3}
      propertyPath: m_LocalPosition.z
      value: -7.08256
      objectReference: {fileID: 0}
    - target: {fileID: 3944929167369815381, guid: c447755767599c84da59958712f47e60, type: 3}
      propertyPath: m_LocalRotation.w
      value: 1
      objectReference: {fileID: 0}
    - target: {fileID: 3944929167369815381, guid: c447755767599c84da59958712f47e60, type: 3}
      propertyPath: m_LocalRotation.x
      value: -0
      objectReference: {fileID: 0}
    - target: {fileID: 3944929167369815381, guid: c447755767599c84da59958712f47e60, type: 3}
      propertyPath: m_LocalRotation.y
      value: -0
      objectReference: {fileID: 0}
    - target: {fileID: 3944929167369815381, guid: c447755767599c84da59958712f47e60, type: 3}
      propertyPath: m_LocalRotation.z
      value: -0
      objectReference: {fileID: 0}
    - target: {fileID: 3944929167369815381, guid: c447755767599c84da59958712f47e60, type: 3}
      propertyPath: m_LocalEulerAnglesHint.x
      value: 0
      objectReference: {fileID: 0}
    - target: {fileID: 3944929167369815381, guid: c447755767599c84da59958712f47e60, type: 3}
      propertyPath: m_LocalEulerAnglesHint.y
      value: 0
      objectReference: {fileID: 0}
    - target: {fileID: 3944929167369815381, guid: c447755767599c84da59958712f47e60, type: 3}
      propertyPath: m_LocalEulerAnglesHint.z
      value: 0
      objectReference: {fileID: 0}
    - target: {fileID: 3944929167369815383, guid: c447755767599c84da59958712f47e60, type: 3}
      propertyPath: m_Name
      value: Apple (5)
      objectReference: {fileID: 0}
    m_RemovedComponents: []
  m_SourcePrefab: {fileID: 100100000, guid: c447755767599c84da59958712f47e60, type: 3}
--- !u!4 &6294496864952066960 stripped
Transform:
  m_CorrespondingSourceObject: {fileID: 3944929167369815381, guid: c447755767599c84da59958712f47e60, type: 3}
  m_PrefabInstance: {fileID: 7054255092750411461}
  m_PrefabAsset: {fileID: 0}
--- !u!1001 &7054255092929388321
PrefabInstance:
  m_ObjectHideFlags: 0
  serializedVersion: 2
  m_Modification:
    m_TransformParent: {fileID: 7054255092468519319}
    m_Modifications:
    - target: {fileID: 3944929167369815381, guid: c447755767599c84da59958712f47e60, type: 3}
      propertyPath: m_RootOrder
      value: 7
      objectReference: {fileID: 0}
    - target: {fileID: 3944929167369815381, guid: c447755767599c84da59958712f47e60, type: 3}
      propertyPath: m_LocalPosition.x
      value: -3.21
      objectReference: {fileID: 0}
    - target: {fileID: 3944929167369815381, guid: c447755767599c84da59958712f47e60, type: 3}
      propertyPath: m_LocalPosition.y
      value: 4.44
      objectReference: {fileID: 0}
    - target: {fileID: 3944929167369815381, guid: c447755767599c84da59958712f47e60, type: 3}
      propertyPath: m_LocalPosition.z
      value: -7.08256
      objectReference: {fileID: 0}
    - target: {fileID: 3944929167369815381, guid: c447755767599c84da59958712f47e60, type: 3}
      propertyPath: m_LocalRotation.w
      value: 1
      objectReference: {fileID: 0}
    - target: {fileID: 3944929167369815381, guid: c447755767599c84da59958712f47e60, type: 3}
      propertyPath: m_LocalRotation.x
      value: -0
      objectReference: {fileID: 0}
    - target: {fileID: 3944929167369815381, guid: c447755767599c84da59958712f47e60, type: 3}
      propertyPath: m_LocalRotation.y
      value: -0
      objectReference: {fileID: 0}
    - target: {fileID: 3944929167369815381, guid: c447755767599c84da59958712f47e60, type: 3}
      propertyPath: m_LocalRotation.z
      value: -0
      objectReference: {fileID: 0}
    - target: {fileID: 3944929167369815381, guid: c447755767599c84da59958712f47e60, type: 3}
      propertyPath: m_LocalEulerAnglesHint.x
      value: 0
      objectReference: {fileID: 0}
    - target: {fileID: 3944929167369815381, guid: c447755767599c84da59958712f47e60, type: 3}
      propertyPath: m_LocalEulerAnglesHint.y
      value: 0
      objectReference: {fileID: 0}
    - target: {fileID: 3944929167369815381, guid: c447755767599c84da59958712f47e60, type: 3}
      propertyPath: m_LocalEulerAnglesHint.z
      value: 0
      objectReference: {fileID: 0}
    - target: {fileID: 3944929167369815383, guid: c447755767599c84da59958712f47e60, type: 3}
      propertyPath: m_Name
      value: Apple (9)
      objectReference: {fileID: 0}
    m_RemovedComponents: []
  m_SourcePrefab: {fileID: 100100000, guid: c447755767599c84da59958712f47e60, type: 3}
--- !u!4 &6294496866846120564 stripped
Transform:
  m_CorrespondingSourceObject: {fileID: 3944929167369815381, guid: c447755767599c84da59958712f47e60, type: 3}
  m_PrefabInstance: {fileID: 7054255092929388321}
  m_PrefabAsset: {fileID: 0}
--- !u!1001 &7054255092950482437
PrefabInstance:
  m_ObjectHideFlags: 0
  serializedVersion: 2
  m_Modification:
    m_TransformParent: {fileID: 7054255092468519319}
    m_Modifications:
    - target: {fileID: 3944929167369815381, guid: c447755767599c84da59958712f47e60, type: 3}
      propertyPath: m_RootOrder
      value: 9
      objectReference: {fileID: 0}
    - target: {fileID: 3944929167369815381, guid: c447755767599c84da59958712f47e60, type: 3}
      propertyPath: m_LocalPosition.x
      value: -4.38
      objectReference: {fileID: 0}
    - target: {fileID: 3944929167369815381, guid: c447755767599c84da59958712f47e60, type: 3}
      propertyPath: m_LocalPosition.y
      value: 0.26
      objectReference: {fileID: 0}
    - target: {fileID: 3944929167369815381, guid: c447755767599c84da59958712f47e60, type: 3}
      propertyPath: m_LocalPosition.z
      value: -7.08256
      objectReference: {fileID: 0}
    - target: {fileID: 3944929167369815381, guid: c447755767599c84da59958712f47e60, type: 3}
      propertyPath: m_LocalRotation.w
      value: 1
      objectReference: {fileID: 0}
    - target: {fileID: 3944929167369815381, guid: c447755767599c84da59958712f47e60, type: 3}
      propertyPath: m_LocalRotation.x
      value: -0
      objectReference: {fileID: 0}
    - target: {fileID: 3944929167369815381, guid: c447755767599c84da59958712f47e60, type: 3}
      propertyPath: m_LocalRotation.y
      value: -0
      objectReference: {fileID: 0}
    - target: {fileID: 3944929167369815381, guid: c447755767599c84da59958712f47e60, type: 3}
      propertyPath: m_LocalRotation.z
      value: -0
      objectReference: {fileID: 0}
    - target: {fileID: 3944929167369815381, guid: c447755767599c84da59958712f47e60, type: 3}
      propertyPath: m_LocalEulerAnglesHint.x
      value: 0
      objectReference: {fileID: 0}
    - target: {fileID: 3944929167369815381, guid: c447755767599c84da59958712f47e60, type: 3}
      propertyPath: m_LocalEulerAnglesHint.y
      value: 0
      objectReference: {fileID: 0}
    - target: {fileID: 3944929167369815381, guid: c447755767599c84da59958712f47e60, type: 3}
      propertyPath: m_LocalEulerAnglesHint.z
      value: 0
      objectReference: {fileID: 0}
    - target: {fileID: 3944929167369815383, guid: c447755767599c84da59958712f47e60, type: 3}
      propertyPath: m_Name
      value: Apple (12)
      objectReference: {fileID: 0}
    m_RemovedComponents: []
  m_SourcePrefab: {fileID: 100100000, guid: c447755767599c84da59958712f47e60, type: 3}
--- !u!4 &6294496866900540240 stripped
Transform:
  m_CorrespondingSourceObject: {fileID: 3944929167369815381, guid: c447755767599c84da59958712f47e60, type: 3}
  m_PrefabInstance: {fileID: 7054255092950482437}
  m_PrefabAsset: {fileID: 0}
--- !u!1001 &7054255093211810158
PrefabInstance:
  m_ObjectHideFlags: 0
  serializedVersion: 2
  m_Modification:
    m_TransformParent: {fileID: 7054255092468519319}
    m_Modifications:
    - target: {fileID: 3944929167369815381, guid: c447755767599c84da59958712f47e60, type: 3}
      propertyPath: m_RootOrder
      value: 8
      objectReference: {fileID: 0}
    - target: {fileID: 3944929167369815381, guid: c447755767599c84da59958712f47e60, type: 3}
      propertyPath: m_LocalPosition.x
      value: 2.33
      objectReference: {fileID: 0}
    - target: {fileID: 3944929167369815381, guid: c447755767599c84da59958712f47e60, type: 3}
      propertyPath: m_LocalPosition.y
      value: -0.68
      objectReference: {fileID: 0}
    - target: {fileID: 3944929167369815381, guid: c447755767599c84da59958712f47e60, type: 3}
      propertyPath: m_LocalPosition.z
      value: -7.08256
      objectReference: {fileID: 0}
    - target: {fileID: 3944929167369815381, guid: c447755767599c84da59958712f47e60, type: 3}
      propertyPath: m_LocalRotation.w
      value: 1
      objectReference: {fileID: 0}
    - target: {fileID: 3944929167369815381, guid: c447755767599c84da59958712f47e60, type: 3}
      propertyPath: m_LocalRotation.x
      value: -0
      objectReference: {fileID: 0}
    - target: {fileID: 3944929167369815381, guid: c447755767599c84da59958712f47e60, type: 3}
      propertyPath: m_LocalRotation.y
      value: -0
      objectReference: {fileID: 0}
    - target: {fileID: 3944929167369815381, guid: c447755767599c84da59958712f47e60, type: 3}
      propertyPath: m_LocalRotation.z
      value: -0
      objectReference: {fileID: 0}
    - target: {fileID: 3944929167369815381, guid: c447755767599c84da59958712f47e60, type: 3}
      propertyPath: m_LocalEulerAnglesHint.x
      value: 0
      objectReference: {fileID: 0}
    - target: {fileID: 3944929167369815381, guid: c447755767599c84da59958712f47e60, type: 3}
      propertyPath: m_LocalEulerAnglesHint.y
      value: 0
      objectReference: {fileID: 0}
    - target: {fileID: 3944929167369815381, guid: c447755767599c84da59958712f47e60, type: 3}
      propertyPath: m_LocalEulerAnglesHint.z
      value: 0
      objectReference: {fileID: 0}
    - target: {fileID: 3944929167369815383, guid: c447755767599c84da59958712f47e60, type: 3}
      propertyPath: m_Name
      value: Apple (11)
      objectReference: {fileID: 0}
    m_RemovedComponents: []
  m_SourcePrefab: {fileID: 100100000, guid: c447755767599c84da59958712f47e60, type: 3}
--- !u!4 &6294496866587806779 stripped
Transform:
  m_CorrespondingSourceObject: {fileID: 3944929167369815381, guid: c447755767599c84da59958712f47e60, type: 3}
  m_PrefabInstance: {fileID: 7054255093211810158}
  m_PrefabAsset: {fileID: 0}
--- !u!1001 &7054255093422704996
PrefabInstance:
  m_ObjectHideFlags: 0
  serializedVersion: 2
  m_Modification:
    m_TransformParent: {fileID: 7054255092468519319}
    m_Modifications:
    - target: {fileID: 3944929167369815381, guid: c447755767599c84da59958712f47e60, type: 3}
      propertyPath: m_RootOrder
      value: 2
      objectReference: {fileID: 0}
    - target: {fileID: 3944929167369815381, guid: c447755767599c84da59958712f47e60, type: 3}
      propertyPath: m_LocalPosition.x
      value: -8.66807
      objectReference: {fileID: 0}
    - target: {fileID: 3944929167369815381, guid: c447755767599c84da59958712f47e60, type: 3}
      propertyPath: m_LocalPosition.y
      value: -3.25
      objectReference: {fileID: 0}
    - target: {fileID: 3944929167369815381, guid: c447755767599c84da59958712f47e60, type: 3}
      propertyPath: m_LocalPosition.z
      value: -7.08256
      objectReference: {fileID: 0}
    - target: {fileID: 3944929167369815381, guid: c447755767599c84da59958712f47e60, type: 3}
      propertyPath: m_LocalRotation.w
      value: 1
      objectReference: {fileID: 0}
    - target: {fileID: 3944929167369815381, guid: c447755767599c84da59958712f47e60, type: 3}
      propertyPath: m_LocalRotation.x
      value: -0
      objectReference: {fileID: 0}
    - target: {fileID: 3944929167369815381, guid: c447755767599c84da59958712f47e60, type: 3}
      propertyPath: m_LocalRotation.y
      value: -0
      objectReference: {fileID: 0}
    - target: {fileID: 3944929167369815381, guid: c447755767599c84da59958712f47e60, type: 3}
      propertyPath: m_LocalRotation.z
      value: -0
      objectReference: {fileID: 0}
    - target: {fileID: 3944929167369815381, guid: c447755767599c84da59958712f47e60, type: 3}
      propertyPath: m_LocalEulerAnglesHint.x
      value: 0
      objectReference: {fileID: 0}
    - target: {fileID: 3944929167369815381, guid: c447755767599c84da59958712f47e60, type: 3}
      propertyPath: m_LocalEulerAnglesHint.y
      value: 0
      objectReference: {fileID: 0}
    - target: {fileID: 3944929167369815381, guid: c447755767599c84da59958712f47e60, type: 3}
      propertyPath: m_LocalEulerAnglesHint.z
      value: 0
      objectReference: {fileID: 0}
    - target: {fileID: 3944929167369815383, guid: c447755767599c84da59958712f47e60, type: 3}
      propertyPath: m_Name
      value: Apple (4)
      objectReference: {fileID: 0}
    m_RemovedComponents: []
  m_SourcePrefab: {fileID: 100100000, guid: c447755767599c84da59958712f47e60, type: 3}
--- !u!4 &6294496866160905265 stripped
Transform:
  m_CorrespondingSourceObject: {fileID: 3944929167369815381, guid: c447755767599c84da59958712f47e60, type: 3}
  m_PrefabInstance: {fileID: 7054255093422704996}
  m_PrefabAsset: {fileID: 0}
--- !u!1001 &7054255093585839815
PrefabInstance:
  m_ObjectHideFlags: 0
  serializedVersion: 2
  m_Modification:
    m_TransformParent: {fileID: 7054255092468519319}
    m_Modifications:
    - target: {fileID: 3944929167369815381, guid: c447755767599c84da59958712f47e60, type: 3}
      propertyPath: m_RootOrder
      value: 6
      objectReference: {fileID: 0}
    - target: {fileID: 3944929167369815381, guid: c447755767599c84da59958712f47e60, type: 3}
      propertyPath: m_LocalPosition.x
      value: -0.09
      objectReference: {fileID: 0}
    - target: {fileID: 3944929167369815381, guid: c447755767599c84da59958712f47e60, type: 3}
      propertyPath: m_LocalPosition.y
      value: 0.54
      objectReference: {fileID: 0}
    - target: {fileID: 3944929167369815381, guid: c447755767599c84da59958712f47e60, type: 3}
      propertyPath: m_LocalPosition.z
      value: -7.08256
      objectReference: {fileID: 0}
    - target: {fileID: 3944929167369815381, guid: c447755767599c84da59958712f47e60, type: 3}
      propertyPath: m_LocalRotation.w
      value: 1
      objectReference: {fileID: 0}
    - target: {fileID: 3944929167369815381, guid: c447755767599c84da59958712f47e60, type: 3}
      propertyPath: m_LocalRotation.x
      value: -0
      objectReference: {fileID: 0}
    - target: {fileID: 3944929167369815381, guid: c447755767599c84da59958712f47e60, type: 3}
      propertyPath: m_LocalRotation.y
      value: -0
      objectReference: {fileID: 0}
    - target: {fileID: 3944929167369815381, guid: c447755767599c84da59958712f47e60, type: 3}
      propertyPath: m_LocalRotation.z
      value: -0
      objectReference: {fileID: 0}
    - target: {fileID: 3944929167369815381, guid: c447755767599c84da59958712f47e60, type: 3}
      propertyPath: m_LocalEulerAnglesHint.x
      value: 0
      objectReference: {fileID: 0}
    - target: {fileID: 3944929167369815381, guid: c447755767599c84da59958712f47e60, type: 3}
      propertyPath: m_LocalEulerAnglesHint.y
      value: 0
      objectReference: {fileID: 0}
    - target: {fileID: 3944929167369815381, guid: c447755767599c84da59958712f47e60, type: 3}
      propertyPath: m_LocalEulerAnglesHint.z
      value: 0
      objectReference: {fileID: 0}
    - target: {fileID: 3944929167369815383, guid: c447755767599c84da59958712f47e60, type: 3}
      propertyPath: m_Name
      value: Apple (8)
      objectReference: {fileID: 0}
    m_RemovedComponents: []
  m_SourcePrefab: {fileID: 100100000, guid: c447755767599c84da59958712f47e60, type: 3}
--- !u!4 &6294496865921221522 stripped
Transform:
  m_CorrespondingSourceObject: {fileID: 3944929167369815381, guid: c447755767599c84da59958712f47e60, type: 3}
  m_PrefabInstance: {fileID: 7054255093585839815}
  m_PrefabAsset: {fileID: 0}
--- !u!1001 &7054255093779980614
PrefabInstance:
  m_ObjectHideFlags: 0
  serializedVersion: 2
  m_Modification:
    m_TransformParent: {fileID: 7054255092468519319}
    m_Modifications:
    - target: {fileID: 3944929167369815381, guid: c447755767599c84da59958712f47e60, type: 3}
      propertyPath: m_RootOrder
      value: 0
      objectReference: {fileID: 0}
    - target: {fileID: 3944929167369815381, guid: c447755767599c84da59958712f47e60, type: 3}
      propertyPath: m_LocalPosition.x
      value: -8.66807
      objectReference: {fileID: 0}
    - target: {fileID: 3944929167369815381, guid: c447755767599c84da59958712f47e60, type: 3}
      propertyPath: m_LocalPosition.y
      value: 6.03
      objectReference: {fileID: 0}
    - target: {fileID: 3944929167369815381, guid: c447755767599c84da59958712f47e60, type: 3}
      propertyPath: m_LocalPosition.z
      value: -7.08256
      objectReference: {fileID: 0}
    - target: {fileID: 3944929167369815381, guid: c447755767599c84da59958712f47e60, type: 3}
      propertyPath: m_LocalRotation.w
      value: 1
      objectReference: {fileID: 0}
    - target: {fileID: 3944929167369815381, guid: c447755767599c84da59958712f47e60, type: 3}
      propertyPath: m_LocalRotation.x
      value: -0
      objectReference: {fileID: 0}
    - target: {fileID: 3944929167369815381, guid: c447755767599c84da59958712f47e60, type: 3}
      propertyPath: m_LocalRotation.y
      value: -0
      objectReference: {fileID: 0}
    - target: {fileID: 3944929167369815381, guid: c447755767599c84da59958712f47e60, type: 3}
      propertyPath: m_LocalRotation.z
      value: -0
      objectReference: {fileID: 0}
    - target: {fileID: 3944929167369815381, guid: c447755767599c84da59958712f47e60, type: 3}
      propertyPath: m_LocalEulerAnglesHint.x
      value: 0
      objectReference: {fileID: 0}
    - target: {fileID: 3944929167369815381, guid: c447755767599c84da59958712f47e60, type: 3}
      propertyPath: m_LocalEulerAnglesHint.y
      value: 0
      objectReference: {fileID: 0}
    - target: {fileID: 3944929167369815381, guid: c447755767599c84da59958712f47e60, type: 3}
      propertyPath: m_LocalEulerAnglesHint.z
      value: 0
      objectReference: {fileID: 0}
    - target: {fileID: 3944929167369815383, guid: c447755767599c84da59958712f47e60, type: 3}
      propertyPath: m_Name
      value: Apple
      objectReference: {fileID: 0}
    m_RemovedComponents: []
  m_SourcePrefab: {fileID: 100100000, guid: c447755767599c84da59958712f47e60, type: 3}
--- !u!4 &6294496866081514515 stripped
Transform:
  m_CorrespondingSourceObject: {fileID: 3944929167369815381, guid: c447755767599c84da59958712f47e60, type: 3}
  m_PrefabInstance: {fileID: 7054255093779980614}
  m_PrefabAsset: {fileID: 0}
